<record><leader>00000cas a2200000I  4500</leader><controlfield tag="001">8512010</controlfield><controlfield tag="008">820611d194419uuvaumr n      u0    0eng d</controlfield><datafield ind1=" " ind2=" " tag="010"><subfield code="a">sn 94060060 </subfield></datafield><datafield ind1=" " ind2=" " tag="040"><subfield code="a">VIC</subfield><subfield code="b">eng</subfield><subfield code="c">VIC</subfield><subfield code="d">NVK</subfield><subfield code="d">OCLCQ</subfield><subfield code="d">OCLCF</subfield><subfield code="d">OCLCO</subfield></datafield><datafield ind1=" " ind2=" " tag="043"><subfield code="a">n-us-va</subfield></datafield><datafield ind1=" " ind2=" " tag="090"><subfield code="a">UA500</subfield><subfield code="b">.V61</subfield></datafield><datafield ind1="0" ind2=" " tag="130"><subfield code="a">Virginia guardsman (Richmond, Va. : 1944)</subfield></datafield><datafield ind1="1" ind2="4" tag="245"><subfield code="a">The Virginia guardsman.</subfield></datafield><datafield ind1=" " ind2=" " tag="260"><subfield code="a">Richmond, Va. :</subfield><subfield code="b">[s.n.],</subfield></datafield><datafield ind1=" " ind2=" " tag="300"><subfield code="a">v.</subfield></datafield><datafield ind1=" " ind2=" " tag="310"><subfield code="a">Monthly</subfield></datafield><datafield ind1="0" ind2=" " tag="362"><subfield code="a">Vol. 1, no. 1 (Sept. 1944)-</subfield></datafield><datafield ind1=" " ind2=" " tag="500"><subfield code="a">Edited by W. Glenn Elliott.</subfield></datafield><datafield ind1=" " ind2=" " tag="550"><subfield code="a">Official publication of the Virginia State Guard.</subfield></datafield><datafield ind1="1" ind2="0" tag="610"><subfield code="a">Virginia.</subfield><subfield code="b">Militia.</subfield></datafield><datafield ind1=" " ind2="0" tag="651"><subfield code="a">Richmond (Va.)</subfield><subfield code="v">Newspapers.</subfield></datafield><datafield ind1=" " ind2="7" tag="655"><subfield code="a">Newspapers.</subfield><subfield code="2">fast</subfield><subfield code="0">(OCoLC)fst01423814</subfield></datafield><datafield ind1="1" ind2="7" tag="610"><subfield code="a">Virginia.</subfield><subfield code="b">Militia.</subfield><subfield code="2">fast</subfield><subfield code="0">(OCoLC)fst00655158</subfield></datafield><datafield ind1=" " ind2="7" tag="651"><subfield code="a">Virginia</subfield><subfield code="z">Richmond.</subfield><subfield code="2">fast</subfield><subfield code="0">(OCoLC)fst01205345</subfield></datafield><datafield ind1="1" ind2=" " tag="700"><subfield code="a">Elliott, Walter Glenn.</subfield></datafield><datafield ind1="1" ind2=" " tag="710"><subfield code="a">Virginia.</subfield><subfield code="b">State Guard.</subfield></datafield><datafield ind1=" " ind2=" " tag="752"><subfield code="a">United States</subfield><subfield code="b">Virginia</subfield><subfield code="d">Richmond.</subfield></datafield></record>